2622 4494
13 211 17 280 l
167 253 242 324 'Do
275 247 607 322 Scurrooamus
640 247 961 322 narrantum.
1017 247 1098 350 '415

42 368 110 444 cius
128 367 170 442 P.
185 365 341 444 ovinam
359 366 514 438 imitatus.
552 365 631 444 Nec
643 366 761 438 'mirum
775 363 855 438 illud
871 365 970 450 videri
985 363 1095 453 debet,

42 460 210 559 prasertim
227 467 261 536 iir
282 459 495 536 semibarbaro
515 458 657 546 saculn;.
672 485 746 532 curn
762 464 816 532 rix
830 462 892 534 hac
907 461 1011 536 nostra
1025 481 1094 534 tarn

42 557 170 634 florenti
186 579 277 632 aetate
298 560 488 640 inveniann,
533 559 567 628 ui
588 554 817 633 redundantem
837 557 926 632 illam
951 555 1094 650 Nasonis
1187 568 1204 649 f

40 655 75 724 in
96 657 235 727 carmine
251 652 444 726 *felicitatem
467 581 550 724 belle
572 653 740 746 exprimat.
776 653 973 751 Qanquam
988 651 1095 728 Euda·

42 771 106 824 nus
120 748 247 850 Heffus
260 754 295 822 in
311 750 372 818 hac
386 767 475 846 parte
490 769 557 818 tam
576 743 607 818 se
622 747 820 832 industrium,
843 773 939 844 quam
955 753 1011 848 qui
1026 773 1095 820 ma·
1131 760 1132 764 ’

41 847 145 932 xime,
156 847 263 936 nostro
277 866 423 941 tempore
437 843 599 916 exhibuit:
621 841 677 914 sed
692 845 827 938 primam
844 864 917 915 ante
931 847 998 940 ejus
1013 866 1097 918 tem*

65 964 119 1014 ota
133 939 274 1039 palmam
290 937 362 1012 tulit
370 937 529 1034 Jooianut
545 941 723 1026 Pantanus,
747 935 812 1012 mel
827 961 948 1009 metum
967 947 1004 1014 δι
1018 945 1096 1014 Mu·

42 963 142 1110 sarum
157 1035 289 1110 delicia.
311 1035 548 1108 conniveamus
562 1037 658 1128 igitur
672 1035 713 1108 ad
728 1033 811 1108 hanc
825 1035 938 1108 Govari
952 1036 1098 1132 qualem·

43 1155 170 1230 cunque
190 1129 431 1216 infelicitatem,
455 1137 492 1206 δε
512 1129 713 1202 ostendamus
731 1127 821 1201 illum
839 1133 983 1201 omniurn
1004 1129 1096 1205 fuiffe

41 1230 182 1324 primum
220 1224 667 1322 attiaelinguaeexpolitotem.
695 1231 787 1300 Nam
803 1245 877 1298 ante
891 1228 957 1323 ejus
970 1247 1097 1306 atatem

40 1320 179 1420 ffirglica
194 1251 303 1416 sngua
319 1319 450 1407 inculta,
463 1328 499 1396 δι
513 1318 580 1394 fere
595 1342 663 1393 tota
676 1324 761 1396 rudis
777 1321 910 1394 ‘acchat
935 1323 1014 1394 Nec
1028 1343 1098 1394 erat

41 1422 97 1514 qui
112 1441 194 1516 opus
209 1416 352 1516 aliquod,
375 1417 546 1490 vernaculd
560 1417 726 1504 idiomate,
749 1350 887 1514 eleganti
907 1415 1028 1492 lectore
1050 1419 1098 1494 di-

41 1537 142 1606 gnum
161 1509 318 1587 scriberet.
356 1519 467 1612 ltaque
480 1535 585 1612 operae
601 1517 736 1612 pretium
750 1515 814 1588 elle
830 1515 939 1600 duxit,
962 1513 1099 1608 diligen·

41 1627 110 1694 tern
118 1605 272 1683 ‘adhihere'
283 1606 451 1694 culturam,
471 1631 506 1682 ut
517 1605 558 1681 fic
570 1613 735 1706 extirpatis
743 1611 876 1683 tandem
889 1609 1016 1682 rudibus
1027 1609 1099 1682 her-

42 1701 101 1790 bis,
126 1729 186 1804 pro
202 1706 320 1779 carduo
334 1714 371 1780 &
385 1705 528 1804 paliuro,
551 1703 657 1776 mollis
677 1703 762 1778 viola
784 1713 820 1780 &
843 1721 1014 1803 purpureus
1034 1703 1098 1777 sur·

40 1821 131 1892 geret
145 1799 303 1874 narcissus.
331 1803 454 1874 ,Patrio
468 1800 568 1872 multa
586 1799 706 1898 scripsit
726 1797 883 1889 sermone,
906 1827 973 1873 non
995 1798 1098 1874 solum

41 1894 210 1989 rhythmis,
223 1921 333 1970 verum
347 1899 446 1968 etiam
460 1892 561 1966 soluta
576 1901 741 1984 oratione3
765 1923 835 1994 quae
847 1895 900 1971 vel
914 1898 978 1969 hoc
992 1897 1099 1968 nollto

41 1989 267 2080 florentiffimo
281 2011 426 2088 tempore
441 1993 461 2060 a
475 1989 577 2062 donis
591 1989 726 2063 studiose
741 1987 897 2086 leguntur.
931 1997 1016 2064 Inter
1029 2019 1099 2064 ma·
1117 2027 1121 2050 r

36 2083 161 2178 jascub
175 2087 242 2178 ejus
257 2113 279 2158 ο
335 2088 508 2184 aprimum·
523 2083 568 2156 est
583 2083 755 2186 Speculum
765 2087 977 2181 Meditaatis,
992 2091 1100 2186 proxi-

41 2193 133 2254 mum
151 2183 275 2258 VoxC
299 2181 434 2272 mantis,
456 2183 586 2256 tertium
599 2181 748 2279 Chrp‘efflo
763 2184 951 2258 Amantia..

46 2329 50 2335 -
86 2279 175 2351 Non
190 2275 379 2351 videbuntur
392 2273 532 2352 delicato
545 2273 651 2360 forsan
663 2279 776 2352 reatori
788 2281 855 2351 hac
869 2283 999 2354 nomina
1010 2277 1100 2352 librit

81 2397 97 2444 r
116 2371 310 2467 elegantiam
330 2371 487 2471 imposita.
514 2373 681 2446 esttamen
696 2373 806 2448 nescio
842 2377 899 2450 uid
912 2381 947 2448 in
961 2371 1101 2448 nomini·

63 2493 102 2542 us
116 2471 266 2564 mysterii,
286 2477 323 2542 δι
334 2471 494 2566 quaedam,
509 2489 545 2540 ut
558 2473 603 2542 ita
618 2470 737 2556 dicam,
760 2402 965 2568 conspiratiO,
984 2493 1098 2566 utpote

42 2566 138 2636 unius
156 2562 199 2634 ab
220 2563 321 2635 altero
341 2563 518 2660 pendentis.
555 2565 617 2638 Sed
637 2566 840 2641 haecnemini
855 2563 916 2637 nist.
928 2567 1048 2658 legenti
1062 2565 1100 2638 li-

42 2655 149 2758 quido
161 2656 369 2756 apparebunt.
1023 2733 1026 2740 ,
1060 2735 1062 2740 ,

13 2773 14 2780 ’
90 2751 217 2826 Floruit
239 2755 378 2830 Gooerus
400 2773 553 2849 regnante
574 2754 608 2826 in
631 2753 748 2854 Angla'a
767 2753 924 2829 Richardo
947 2751 1098 2844 secundo,

41 2853 96 2922 cui
115 2848 212 2921 libros
230 2845 301 2922 suos
320 2849 501 2938 dedicavit3
525 2857 563 2924 &
583 2854 636 2922 cui
658 2853 699 2926 de
722 2853 836 2929 Laude
856 2853 955 2924 Pacis
976 2855 1099 2924 cantio-

13 2989 14 3010 2
42 2970 133 3030 nem,
156 2943 369 3044 plenissimam
383 2943 507 3018 confilii
521 2953 558 3020 &
572 2949 714 3034 virtutis,
737 2953 835 3020 etiam
853 2973 952 3020 cacus
970 2945 1099 3018 obtulit.

41 3041 138 3112 Vixit
146 3041 192 3114 ad
205 3041 318 3137 justam
335 3039 432 3140 usque
445 3037 650 3130 senesiutem,
671 3066 706 3114 ut
720 3069 762 3116 ex
776 3038 842 3140 ejus
856 3039 1003 3126 vethhus,
1017 3069 1100 3142 quos

182 3121 190 3142 *x

39 3131 248 3230 subscribam,
271 3159 420 3234 apparet:

142 3289 233 3359 Dum
248 3291 350 3380 potui,
372 3285 430 3362 scri
453 3285 498 3379 li;
522 3287 577 3363 sed
591 3317 675 3366 nunc
690 3293 768 3390 quia
782 3236 1034 3366 cuna-seneen

114 3443 117 3450 r
190 3380 348 3456 Turbarit
361 3316 476 3472 senlhs,
499 3383 614 3486 scripta
629 3387 776 3486 relinquo
791 3387 917 3462 scholis.

79 3537 137 3608 De
147 3554 292 3632 tempore
302 3535 368 3630 ejus
377 3532 484 3606 'obitus
495 3561 559 3606 non
572 3533 694 3632 polium
705 3541 791 3611 rede
801 3527 996 3636 computare.
1020 3535 1104 3612 Hoc¹

14 3687 15 3690 ,
37 3631 172 3704 interim
193 3629 334 3714 contat,
357 3629 447 3728 quod
460 3629 640 3704 honorifice
656 3631 790 3730 sepultus
804 3633 842 3706 fit
855 3625 1000 3710 Lanclinr'
1011 3632 1097 3732 apud

38 3729 217 3798 canonicos
234 3726 401 3800 Marianos
416 3729 449 3796 in
463 3722 529 3824 ipsa
546 3721 587 3800 T
579 3729 694 3823 amefis
709 3733 788 3826 ripa,
807 3729 860 3802 ubi
871 3723 968 3804 e'tiam
981 3738 1018 3802 &
1029 3731 1098 3824 ejus

37 3845 126 3894 uxor
139 3819 317 3919 sepulchro,
331 3819 573 3909 sedhurniliori,
588 3825 745 3898 conditur.
781 3825 889 3899 Habet
903 3825 1029 3898 ibidem·
1038 3825 1098 3900 lla-
1206 3913 1208 3918 s

37 3933 131 4010 ruam
148 3916 268 4014 duplici
281 3915 436 4008 insignem
450 3941 540 4004 nota,
559 3945 674 4018 nempe
690 3914 787 3993 a'uteo
801 3945 927 4018 torque,
950 3929 986 3996 δι
1000 3921 1098 3996 hede-
1183 4007 1186 4012 ¹

35 4031 137 4082 ratea
157 4036 277 4085 corona
300 4009 376 4084 tofis
396 4011 570 4088 interserta.
600 4014 679 4088 illud
701 4015 828 4101 militis,
851 4019 1032 4112 hocpoeta
1044 4039 1098 4086 or·

36 4125 240 4182 narnentum.
280 4107 387 4207 Qod,
402 4128 512 4184 autern
534 4109 734 4210 sepulchrum
755 4111 841 4210 apud
856 4112 1022 4275 Marianass
1040 4107 1101 4186 sibi
1152 4161 1166 4200 ,

677 4211 706 4278 Ι.
943 4229 989 4302 po
1002 4206 1097 4304 uerit,
