2622 4494
174 173 238 245 Dr
261 168 602 244 Scrrrrorrrns
625 163 965 240 Buranunrera.
1025 189 1113 265 39¹.

116 289 243 386 Contra
255 288 443 382 Prepqfitum
457 283 587 368 collegii
599 287 740 352 unioni.

117 368 768 546 fflaegdriddidiiliegia&thaddaeiviumg
811 442 1101 544 Tullinus-iahadan}

118 531 318 598 Flosculorum
332 550 370 596 ex
381 549 471 612 opere
482 529 639 613 Auguflm
648 529 685 594 de
697 529 830 598 Crvrtate
839 527 900 596 Du
911 527 964 593 ub.
977 545 1003 592 r.

11 673 12 678 ’
95 647 222 724 Clausrt
248 651 336 728 diem
359 651 433 722 vitat
454 643 515 724 suae
532 649 680 723 ultimum
702 645 905 727 aarum·
921 673 1009 724 anno
1028 651 1102 726 Do·

25 747 116 820 mini
135 753 246 846 1396.
263 753 301 822 δι
315 745 436 850 ibidem
450 741 623 820 tumulatus
636 746 693 820 est.

69 955 251 1044 -CAR
287 951 557 1043 CDXLVIII.
611 955 666 1037 De
680 948 843 1064 Marfilio
856 947 1031 1068 deleget.

166 1153 463 1228 ARSILIUS
489 1152 530 1229 de
554 1155 670 1252 Inger,
699 1147 767 1226 sola
789 1144 963 1230 Trirtemii
983 1151 1103 1224 autori·

176 1269 242 1322 tate
256 1247 337 1322 mihi
351 1255 512 1346 cognitus,
535 1247 743 1350 philosophus
762 1249 941 1333 maximus,
965 1265 1026 1320 nec
1039 1249 1103 1320 mi·

27 1368 95 1418 not
111 1341 288 1438 theologus
300 1339 374 1418 fuit.
409 1345 491 1440 Qu
504 1365 641 1446 utroque
655 1347 787 1417 nomine
801 1340 939 1434 Parisiis
954 1367 1021 1414 non
1034 1367 1103 1416 me·

29 1441 197 1512 diocriter
210 1439 321 1513 charus
335 1462 421 1514 erat:
439 1462 552 1540 utpote
566 1442 622 1540 qui
634 1438 760 1512 illorum
773 1437 972 1514 academiam
986 1437 1103 1512 floren-

29 1553 103 1610 tem
121 1531 187 1606 suis
200 1533 308 1610 studiis
322 1537 540 1610 florentiorem
553 1534 739 1610 reddiderit.
764 1533 865 1608 Unde
877 1532 965 1608 fama
974 1535 1022 1608 ita
1032 1535 1102 1632 ejus

32 1629 174 1702 virtutes
195 1655 252 1728 pet
270 1635 371 1705 varias
390 1631 454 1706 late
471 1635 617 1728 regiones
635 1627 755 1728 spatfit,
776 1628 965 1723 divulgarit,
987 1629 1103 1727 pradi-

30 1727 125 1894 {nit
133 1747 211 1892 fit
233 1725 327 1894 dii
344 1725 1104 1899 iiiiaidqiidi'i‘iibiis'iii’„{diii

33 1913 109 1989 fuit.
156 1919 186 1986 Is
205 1847 295 2003 vqero,
314 1843 632 2013 boniiliteriiquam
647 1945 670 1988 o
693 1850 771 1990 timge
788 1875 931 2029 audiens,
953 1916 1104 1994 decreve-

34 2032 85 2083 rat
99 2009 342 2178 Heydelbegfae
355 2016 430 2086 novi
442 2009 595 2108 gymnafii
607 1943 815 2086 fundamenta
823 2035 950 2108 jacere:
977 2002 1105 2106 'tantum
1186 2076 1188 2080 .

34 2104 242 2198 defiderabat
266 2109 274 2124 ‘
300 2106 413 2182 ustrern
437 2105 577 2208 aliquem
603 2109 727 2192 virum,
751 2129 852 2206 quem
876 2126 945 2176 tarn
967 2103 1104 2180 honesto

34 2203 134 2302 operi
151 2197 336 2298 ptaeficetet.
412 2227 487 2278 uate
509 2199 677 2278 transmilit
697 2201 869 2299 [alestam
891 2201 1103 2295 Paristorum,

36 2301 95 2392 qui
113 2293 305 2390 Marstlirrm
319 2323 396 2374 acce
436 2321 517 2374 tent.
554 2298 622 2388 ule,
644 2325 667 2370 o
703 2303 771 2372 ‘mo
809 2301 937 2396 rincipis
953 2294 1104 2372 accensus

37 2391 207 2479 instituto,
229 2393 394 2467 advolavit
401 2422 413 2485 ;
442 2420 503 2468 nec
523 2417 616 2470 antea
639 2319 743 2470 lafflri
794 2420 867 2470 nem
888 2393 980 2482 feeit,
1026 2417 1101 2472 uam

38 2485 355 2584 Heydelbergensem
370 2490 569 2564 academiam
584 2489 733 2562 omnibus
747 2489 859 2574 rebus,
882 2516 953 2586 quae
968 2489 1009 2562 ad
1037 2489 1103 2561 'be-

40 2580 139 2654 raleis
150 2601 231 2652 artes
283 2585 414 2672 minent,
429 2589 490 2657 rite
503 2582 705 2683 perornaffet.
740 2587 845 2680 Atque
858 2583 925 2654 haec
938 2581 999 2654 fuit
1011 2580 1103 2675 sciur-¹

40 2671 78 2748 1ae
95 2674 222 2771 fflyde
254 2679 392 2776 ergensts
407 2682 510 2774 origo.
1096 2739 1100 2750 .

88 2781 247 2853 Praeterea
259 2776 367 2854 scribit
376 2777 585 2872 Trittemiun
600 2781 813 2881 meelingi
826 2781 1041 2856 testimonium
1057 2777 1104 2854 st⁴
1228 2805 1242 2822 ⁷

42 2894 148 2961 cutus,
167 2875 354 2970 rrarstlium
364 2883 555 2955 canonicum
567 2873 659 2950 nasse
670 2873 1012 2960 atdreanaeeeclefia
1030 2899 1103 2972 qua

41 2969 86 3044 est
108 2969 241 3046 colonia
261 2976 465 3076 Agrippinae:
493 2975 667 3072 adjicitque
683 2999 750 3044 non
765 2970 869 3054 deesse
885 2994 1023 3056 autores,
1044 2971 1102 3066 qui

41 3061 136 3136 illum
151 3067 349 3142 Germanum
363 3069 454 3146 fuisse
469 3069 650 3166 adfirment.
684 3071 863 3166 Utcunque
876 3092 955 3140 uero
970 3061 1021 3154 fit,
1032 3090 1101 3136 non

42 3162 137 3254 potui
154 3184 220 3230 non
235 3185 398 3238 numerare
412 3164 577 3242 hominem
589 3172 623 3239 in
636 3191 712 3261 meo
724 3161 886 3260 catalogo,
899 3185 998 3262 quem
1009 3149 1102 3238 Trit-

34 3256 166 3335 ¹temr'ur
182 3261 238 3332 An
257 3253 328 3332 lum
342 3257 433 3336 firiffe
447 3263 586 3336 testatur.
627 3262 713 3334 Deni
737 3288 789 3346 ue,
813 3280 848 3332 ut
860 3285 905 3332 ert
920 3257 1102 3354 archetypis

43 3369 194 3456 apparet,
230 3351 338 3451 cripiit
353 3353 450 3430 libros
467 3379 605 3455 quatuor
622 3289 837 3524 Qrspanum
855 3351 947 3456 supet
960 3357 1099 3430 Senten-

44 3459 123 3536 tras,
146 3446 188 3519 de
210 3449 261 3522 Re
282 3451 382 3522 etiam
404 3453 599 3544 vinatica,
622 3461 778 3552 &putes
790 3451 1123 3538 C’omnrertarioram·

43 3533 140 3612 libros
154 3543 190 3611 iri
202 3543 414 3640 AEssotelem.
453 3545 576 3624 Floruit
596 3543 653 3622 sub
673 3545 832 3626 Richardo
852 3543 1005 3635 secundo,
1027 3547 1101 3638 <1⁸-

39 3631 167 3731 giorum
183 3664 268 3738 tege.

983 3925 1098 4001 CAP.
