2650 4510
250 205 322 303 428
439 203 508 302 Jo.
542 204 757 275 cacan-uu
788 200 1134 278 Conuuuunnu
1193 238 1198 246 ·
1308 119 1314 339 i

298 327 402 398 Nunc
422 321 533 410 restat,
563 342 600 395 ut
615 320 764 394 testatum
784 319 902 394 faciam
920 321 1138 416 csssaescudum
1155 321 1314 424 scripfiffa'

251 419 367 496 librum
382 443 481 492 unum
495 417 701 514 inJaannem
718 417 980 515 Oldocastellriem,
1000 419 1169 492 hominem
1186 421 1299 496 baereti·

251 541 326 590 cum
338 510 588 603 &seditiosum3
606 513 991 590 alterumverosacrarum
1002 518 1204 590 Contionum.
1225 517 1296 590 Fato

248 611 376 684 fiinibus
392 610 440 682 est
457 609 637 690 Laddoloci
648 627 691 687 21
707 611 766 686 -c'ie
785 611 962 686 decembris
974 637 1062 698 ,muno
1081 615 1128 684 D.
1145 635 1250 706 1417.
1267 622 1296 690 ἃ

250 731 367 800 magna
381 704 501 780 ibidem
517 707 700 781 celebritate
713 708 796 780 inter
810 705 1003 783 carmeiam
1018 707 1206 781 tumulatus.

297 805 376 888 Hic,
398 805 553 900 quoniam
567 808 601 875 in
609 802 749 901 Jrannis
761 803 975 897 AEdocastrllii
990 828 1107 900 nomen
1122 803 1295 892 incidimus,

149 932 151 936 ¹
248 921 317 969 non
332 897 422 971 abre
438 900 542 973 nostra
555 902 617 972 erit
632 901 764 994 Rageri,
788 897 940 971 monachi
954 897 1025 972 fani
1040 903 1166 990 lvonis,
1190 903 1293 975 memi-

247 992 338 1082 nisse,
361 1019 437 1066 nam
453 1001 489 1070 δι
503 998 531 1068 is
545 1003 657 1068 contra
670 995 808 1068 eundern
817 993 1000 1090 Joanncm,
1022 1015 1176 1094 tanquam
1200 996 1293 1069 homi

248 1090 371 1166 minem
386 1092 580 1202 hereticum,
592 1089 690 1166 libere
704 1086 834 1188 scripfit.
1311 1099 1314 1230 1

372 1285 506 1370 cau.
544 1287 661 1369 Duc
717 1286 773 1367 ue
787 1283 958 1368 ruarmo
974 1283 1176 1370 uomina.

247 1469 621 1628 GULIELMUS
643 1477 841 1550 Badecomus
857 1476 984 1574 juvenis
1002 1475 1213 1576 philosophiae
1227 1476 1291 1550 sire·

349 1595 446 1642 uuam
460 1569 592 1669 quidem
608 1571 779 1646 adhibebat
793 1596 935 1670 operam.
972 1577 1014 1644 At
1032 1577 1067 1645 in
1087 1572 1223 1648 mathesi
1240 1575 1290 1646 siu-

245 1664 374 1740 diorum
391 1670 508 1762 primas
523 1665 627 1762 posuit
642 1689 760 1765 partes:
785 1673 837 1738 cui
877 1689 1008 1742 uantum
1023 1677 1172 1742 accurata
1187 1691 1291 1743 contu·

244 1760 319 1854 ierit
331 1763 387 1836 iile
403 1763 589 1856 diligentia,
612 1763 699 1836 malo
712 1694 968 1837 cuiusuiebtor
981 1791 1023 1838 ex
1037 1765 1125 1838 libris
1139 1764 1182 1838 ab
1196 1793 1241 1839 eo
1252 1765 1290 1838 se·

243 1855 349 1931 liciter
361 1860 573 1944 concinnatis,
586 1885 684 1956 quam
699 1886 741 1934 ex
755 1885 829 1932 mea
843 1857 966 1934 ediscat
978 1865 1135 1934 oratione.
1170 1859 1290 1959 Scripsit

93 2019 98 2035 ,
224 1955 333 2023 enim
358 1951 505 2044 libellum
530 1955 625 2028 titudo
649 1955 859 2053 Conclustrm's
883 1959 1086 2052 operationis*
1109 1955 1290 2032 Astrolait'i.

244 2037 354 2124 Edidit
374 2073 523 2148 praterea
544 2049 694 2149 opuscula
716 2053 757 2126 de
778 2053 910 2150 Spbaera
931 2053 1048 2146 mida,
1071 2062 1108 2129 δι
1128 2052 1288 2150 Conclufit

100 2189 105 2194 ·
244 2169 303 2216 nes
321 2146 455 2242 Sophia.

435 2334 566 2419 CAP.
595 2338 691 2436 DX.
721 2337 798 2416 De
813 2337 917 2416 Petro
933 2334 1102 2442 Rtaffillio.
1203 2443 1205 2446 Ι

234 2526 487 2702 PETRUS
512 2523 708 2636 Ruffeffius,
733 2524 924 2622 Chardign·,
947 2524 1050 2620 Jstdis
1074 2529 1230 2643 (ladon,
1251 2553 1291 2642 ut·

321 2620 396 2696 bem
411 2620 508 2718 longe
523 2621 775 2708 celebernmam,
783 2643 952 2720 parentem
967 2630 1006 2696 δε
1018 2621 1164 2696 altricem
1179 2625 1291 2698 studio

239 2730 311 2792 ium
326 2717 446 2792 babuit.
483 2716 539 2790 Ille
555 2741 643 2802 vero,
667 2743 707 2789 ne
723 2738 789 2788 tarn
803 2715 896 2789 clarae
910 2721 1047 2815 parentis
1062 2723 1187 2818 pietati,
1203 2723 1290 2817 jum

11 2781 13 2820 Ε
142 2856 147 2864 ·
239 2836 280 2888 ac
298 2815 516 2912 expediationi
535 2812 577 2886 de
599 2809 826 2906 semagnifice
846 2834 1012 2926 conceptae
1034 2816 1211 2914 aliquando
1234 2841 1291 2889 nm

237 2907 454 3012 responderet,
477 2906 642 3004 cogitabat
655 2905 724 2980 suas
739 2907 804 2982 effe
821 2910 856 2978 in
873 2914 981 3006 pnmis
1000 2933 1104 3005 partes
1120 2911 1227 2984 bonas
1238 2913 1291 2984 bo·

235 3021 288 3080 rac
300 3009 426 3080 omneis
438 3012 473 3078 in
488 3005 586 3078 literis
598 3002 759 3078 collocare
770 3002 970 3077 melioribus:
993 3006 1028 3078 id
1039 3009 1291 3106 quodingenuus

196 3162 198 3166 .
237 3103 392 3198 praestitit,
414 3104 565 3175 eximiam
582 3096 703 3172 asama
716 3097 846 3171 laudem
860 3099 991 3173 tandem
1006 3101 1206 3176 consecutus.
1246 3104 1290 3176 Fit
1311 3161 1314 3198 ,

237 3200 326 3268 enim
342 3199 466 3270 virtutis
481 3197 612 3269 nomine
626 3195 885 3290 &ungarorum
903 3198 938 3266 in
957 3197 1132 3272 Britannia
1151 3201 1291 3284 Primam
1308 3205 1314 3326 p

236 3294 259 3362 a
297 3317 338 3366 ua
353 3292 509 3388 dignitate
523 3317 588 3363 non
603 3311 670 3362 tam
682 3289 813 3363 ‘laudem
827 3288 885 3362 sibi
901 3301 1043 3391 peperit,
1066 3319 1161 3392 quam
1186 3295 1291 3370 eidem
1312 3329 1314 3336 ’

236 3317 340 3462 deba.
375 3387 552 3473 Postremo,
571 3385 753 3460 admonitus·
764 3385 861 3460 titudo
874 3394 1079 3484 praenominis
1087 3390 1149 3475 sui,
1171 3394 1221 3463 D.
1235 3359 1314 3466 Pa*

236 3495 331 3556 trum
346 3490 384 3559 dc
397 3481 464 3581 ipse
478 3485 600 3558 Petrus
612 3482 772 3556 celebrare
787 3483 945 3582 cupiebat.
966 3489 1105 3586 Jamque
1116 3491 1295 3558 animono·

234 3577 364 3668 iuranti,
386 3579 506 3687 quaid
530 3578 723 3676 potissimum
747 3580 889 3652 efficeret
908 3586 1045 3669 ratione,
1068 3581 1223 3654 succurrit
1243 3582 1296 3654 sia·

235 3679 296 3747 tim
312 3675 407 3750 Peru
423 3677 491 3773 Epi
516 3675 563 3749 ola
578 3679 752 3748 canonica:
777 3699 873 3774 quam
889 3675 956 3762 ille,
978 3693 1132 3778 tanquam
1148 3703 1296 3752 muemo

235 3765 406 3866 synonsui
426 3774 573 3867 patroni,
596 3769 1031 3848 Conmentariis'illustravit
1053 3801 1120 3847 non
1143 3773 1296 3847 indotata

233 3865 360 3937 Floruit
375 3869 464 4036 pinca
486 3887 632 3966 tempora
651 3870 778 3968 imperii
802 3865 944 3942 Iasenrici
966 3871 1230 3964 Ballenbuani,
1255 3893 1297 3942 re

237 3961 286 4053 gis
299 3967 374 4056 Ang
386 3967 435 4038 r'ae.
1046 3992 1057 4024 ’-

1047 4114 1049 4122 ¹
1182 4109 1300 4209 car,
