2650 4510
172 142 975 240 DnScnrrronrnnsBnrrannrcrs.
1042 189 1116 262 4⁷9
1263 217 1266 224 .

6 293 8 296 ’
63 280 191 362 fndille:
215 287 339 358 nonam
357 285 519 395 temporis·
531 279 702 381 iniquitate
722 277 815 354 nobis
832 305 898 354 non
920 277 1031 359 firiffet‘
1045 283 1118 364 snb-

62 374 128 454 larn
140 381 198 455 illa
211 379 318 456 cirine
333 375 427 479 plane
438 397 554 450 oratto.

100 479 182 575 'Jem
199 477 369 550 tricrminm
386 475 423 544 in
441 473 696 570 peregrinatione
711 493 863 568 exegerat
881 473 1002 550 Comes
1013 474 1116 574 Joan-
1157 547 1160 555 .

6 611 7 672 }
64 597 134 662 ner,
159 571 356 668 gloriemcpre
376 593 539 736 nuorpmm
560 589 647 642 certe
664 572 850 642 morituram
865 563 925 642 fibi
941 591 983 645 ex
1001 575 1116 647 itinere
1224 626 1237 658 ,

439 689 473 734 ιι

62 663 172 762 longo,
195 666 249 741 std
271 661 438 740 memorab
482 717 494 751 ‚
517 682 776 763 comparaverat,
798 689 874 742 cnm
893 669 1021 743 interim
1039 671 1117 744 Oni-

61 761 195 839 alanum
210 761 290 834 iliud
304 763 336 834 ei
351 763 386 833 in
401 763 592 835 memoriam
607 761 741 834 rediret:

66 885 68 890 Ι
157 915 287 992 Nescio
299 940 363 1014 qna
376 913 481 988 natale
496 909 598 986 solum
614 911 784 987 dulcedine
797 913 934 991 cunstot

206 1015 322 1099 Ducit,
342 1017 378 1092 ὃς
393 1013 599 1084 immemores
614 1033 680 1082 non
694 1005 768 1080 linit
783 1005 848 1084 effe
861 1005 929 1090 sui„

62 1160 162 1236 Unde
176 1163 319 1236 Romam
333 1153 380 1232 sui
396 1159 534 1232 nominis
550 1177 731 1260 praeconem
745 1159 897 1232 eximiam
911 1151 1058 1258 reliquit,
1080 1167 1119 1237 dc

61 1261 153 1331 Deos
170 1277 302 1354 penates
320 1256 460 1354 repetiit,
483 1251 584 1327 multa
600 1255 692 1348 snper
709 1251 865 1328 seditione
881 1257 994 1350 patria,
1017 1255 1119 1329 multa

57 1349 153 1452 super
167 1353 290 1448 Phrcr,
309 1377 430 1446 magno
443 1347 602 1448 utriusque
616 1349 808 1450 eloquentie
822 1371 1024 1438 ornamento,
1047 1371 1119 1424 tum

60 1469 210 1617 merea
229 1452 344 1522 anima
363 1446 501 1520 dimidio
521 1443 594 1535 sua,
617 1445 717 1518 multa
739 1446 879 1544 deniqne
896 1443 988 1544 snper
1005 1447 1120 1522 Omni·

153 1545 328 1622 leom'ceno
348 1551 385 1618 δι
402 1543 563 1620 [advoco
579 1546 729 1635 Carbone,
752 1544 826 1613 viris
840 1539 937 1634 longe
951 1541 1121 1616 eruditiffi·

61 1643 136 1726 mis,
157 1667 197 1716 ac
218 1640 265 1714 illi
281 1667 346 1714 nna
363 1663 440 1714 cnm
457 1639 564 1712 Pdrea
579 1637 803 1711 communibus
817 1641 940 1724 amicis,
961 1644 1120 1732 cogitans.

62 1737 159 1807 Extat
176 1733 406 1831 elegantiffima
424 1733 566 1836 Epistola
584 1735 756 1811 Omnibom'
772 1734 943 1808 Leonicenr‘
962 1733 1003 1806 de
1022 1733 1119 1808 laude

60 1829 208 1997 ppni'ctdi
222 1833 351 1932 Synefir'
364 1833 480 1923 Grati,
498 1831 587 1928 quod
602 1839 622 1902 l
635 1830 744 1904 Phrea
759 1829 945 1905 Latinitate
961 1829 1119 1902 donatmn

5 1929 7 2018 ᾗ
112 1926 201 2012 ,nbi
223 1936 259 2002 δι
282 1928 350 2000 haec
372 1925 536 2021 leguntur:
565 1923 800 1996 “lllniiriffimo
823 1925 960 2022 principi
983 1925 1121 1998 nostro”

5 2035 9 2116 ζ
60 2018 79 2117 (
87 2011 274 2123 Tipetorum
288 2021 460 2190 intelligit?
486 2029 571 2098 “me
592 2020 797 2102 commenda,
820 2022 908 2116 cujus
928 2018 1119 2095 desiderium

4 2117 7 2154 ³
58 2125 84 2158 ‘⁸
95 2138 132 2188 ut
151 2120 283 2216 equiori
305 2123 430 2199 animo,
449 2141 535 2191 eram
545 2171 557 2207 ,
581 2113 752 2191 affuescere
768 2139 834 2188 non
849 2113 1007 2213 pollumss'
1038 2117 1124 2190 Haec'

4 2229 6 2310 ξ
57 2209 117 2287 ille
130 2213 171 2286 de
226 2234 322 2287 trono
336 2211 470 2310 inclyto.
625 2281 646 2319 ,
1048 2285 1049 2290 ,

4 2313 6 2330 ‘
109 2309 166 2384 Ea
228 2310 328 2384 ardus
344 2329 472 2408 quartus
486 2309 673 2385 Henricum
692 2302 814 2381 sextum
833 2303 996 2380 beneficio
1015 2307 1120 2400 comi-

58 2403 102 2474 tis
118 2406 312 2481 Verovirani
323 2403 422 2500 regali
438 2403 659 2480 deturbaverat
673 2401 767 2492 solio,
794 2427 891 2502 quern
915 2404 1038 2480 rediens
1062 2427 1120 2478 re·

59 2519 188 2572 meratus
200 2500 246 2573 est
261 2491 439 2598 Trpetotur.
464 2502 553 2596 cujus
570 2503 718 2595 imperio,
745 2525 832 2570 anno
846 2499 936 2592 regni
951 2501 1018 2594 ejus
1031 2497 1120 2572 dcci-

58 2593 140 2683 'mo,
163 2596 335 2672 mondum·
353 2597 556 2671 §immotum
570 2589 694 2692 praefirir
703 2592 830 2690 judicio
843 2589 1044 2688 quorundam
1059 2619 1120 2666 no-
1238 2651 1240 2656 .

59 2687 188 2777 bilinrn,
210 2693 293 2764 inter
334 2715 392 2764 uos
411 2687 594 2786 Clapamrrr,
617 2691 673 2786 qui
687 2691 770 2781 regis
783 2687 981 2789 majestatem
995 2685 1121 2762 ibidem
1212 2777 1214 2784 Ι

4 2809 5 2812 ’
56 2788 260 2862 inconfflnn
320 2807 421 2860 erant.
456 2789 605 2858 Saeritum
621 2789 656 2856 in
671 2787 785 2856 noxios
800 2783 863 2872 est3
927 2782 1021 2879 ipost
1032 2809 1118 2856 mor-

4 2891 6 2896 ’
56 2899 140 2972 rem,
158 2885 178 2977 l
192 2883 321 2982 pollico
331 2881 373 2955 ad
387 2885 539 2956 verticem
554 2884 654 2952 acutis
668 2877 813 2951 transfixi
826 2807 951 2952 sudibus

952 2931 964 2965 ‚
981 2881 1016 2949 in
1026 2905 1117 2954 auras

905 2809 926 2854 u

55 2979 159 3054 erecti
173 2974 265 3054 malis
279 2977 432 3078 exemplo
446 2977 549 3064 fuere,
570 2975 625 3052 sed
643 2975 733 3059 tristi,
756 2981 805 3060 dr,
828 2978 875 3046 nri
895 2971 985 3071 plebs
1006 2995 1120 3090 aperte

55 3073 210 3162 dicebat,
232 3075 354 3148 crudeli
376 3083 414 3148 dc
431 3069 573 3146 insolito.
610 3073 691 3167 Qo
707 3071 825 3142 Comes
840 3070 907 3142 hanc
921 3065 1035 3142 ferent
1048 3095 1118 3141 anr-
1190 3063 1197 3080 ⁸

6 3235 12 3264 ,
54 3191 128 3253 mo,
142 3167 184 3240 ali
232 3174 264 3240 ni
279 3168 468 3257 misericors,
482 3195 548 3241 non
562 3190 682 3242 temere
694 3169 885 3334 pronuncio.
923 3167 1037 3238 Unum
1050 3165 1117 3240 hoc
1251 3234 1255 3243 .

52 3257 187 3340 interim
221 3267 295 3352 cio,
319 3265 402 3338 banc
417 3288 528 3340 notam
543 3262 634 3337 fniffe
650 3288 693 3362 po
719 3289 758 3335 ea
773 3259 941 3334 mortalem
957 3266 999 3335 ei.
1035 3264 1118 3336 Gra·

4 3389 5 3398 ¹
52 3363 137 3434 riam
153 3361 343 3437 Eadveardi
356 3363 514 3458 integram
527 3357 583 3433 fibi
598 3357 794 3433 conciliavit.
825 3358 990 3430 Continuo
1000 3357 1045 3429 ob
1058 3383 1117 3432 nu·

52 3458 142 3557 ptias
165 3458 206 3528 ab
228 3455 375 3558 ffispano
395 3457 538 3543 oblatas,
561 3463 597 3531 bt
619 3458 638 3526 l
662 3457 857 3531 Verooicano
877 3453 1116 3553 comprobatas,

4 3603 7 3618 ·
52 3552 258 3628 Eadoeadns
273 3549 433 3652 persenfiit
449 3551 572 3626 hostem
587 3548 645 3622 fibi
661 3552 709 3624 vel
723 3548 954 3624 infestiffirnnm
969 3542 1033 3622 elie
1048 3553 1116 3648 Ve-

4 3955 6 4040 l

4 4041 7 4120 l

52 3651 252 3728 micanum.
282 3651 371 3722 Hinc
390 3655 428 3724 δε
446 3652 537 3742 regio
556 3664 667 3720 exutus
687 3643 753 3746 ipse
769 3649 925 3744 imperim
944 3647 1114 3721 Hemicus

51 3747 194 3920 pristinae
212 3745 369 3818 restiturus
391 3744 437 3818 est
458 3744 617 3840 dignitati.
657 3743 736 3816 Nec
755 3739 857 3849 longo
860 3742 949 3909 epoli
968 3763 1115 3837 tempore

4 3909 7 3954 ι
87 3857 226 3943 rpetotrrs
240 3844 274 3914 in
288 3840 421 3941 publico
437 3837 582 3916 conseffu
599 3836 757 3912 nobilium
770 3835 859 3936 sulpe
892 3861 947 3924 us,
971 3855 1008 3908 ur
1026 3835 1115 3912 vide·

51 3957 120 4024 tur,
143 3941 185 4016 de
204 3963 314 4011 amore
334 3963 410 4032 erga
429 3936 662 4013 Eadneardum
679 3937 817 4034 imperio
836 3931 1023 4022 deftrndinni
1042 3958 1116 4030 pro·

51 4031 206 4158 permoti,
232 4035 345 4134 capitis
360 4035 522 4131 judicium
538 4029 698 4201 pertulit}
714 4056 767 4122 ac,
786 4029 1118 4206 Wfimm‘fffiffig‘

1296 2671 1319 2829 l
