2650 4510
20 169 21 176 Ν
116 185 929 291 Βιὸοκητοιιηιιε’ΒΜτΑΝΝιουζ
993 186 1067 278 427

20 311 186 423 ppidum,
209 319 247 388 δι
261 309 415 388 saturnis
430 307 525 382 Dani
536 327 643 379 morte
658 302 830 404 famosum,
851 309 886 380 in
908 304 983 404 ripis
1006 306 1069 398 Te<

20 424 153 482 antrum
170 411 284 482 enitet.
584 429 586 436 ’
964 449 966 458 s

20 565 23 670 ἑ
73 607 260 692 -cnn
298 551 451 694 urm.
505 603 560 684 ue
577 597 724 716 aaran
738 599 959 712 marescum

20 804 137 976 ΚΟ
151 805 180 873 Β
192 803 220 870 E
230 803 264 870 R
274 799 307 868 T
317 797 386 870 US
414 797 630 890 Marescallus
646 822 705 896 pro
723 795 784 870 suis
797 797 965 870 virtutibus
979 751 1073 874 certe·

114 897 151 970 di
203 893 321 965 'tumus
335 893 393 982 est,
412 896 468 991 qui
483 892 591 964 locum
606 896 639 962 in
656 893 762 966 nostro
777 889 926 985 catalogo
941 893 1070 966 bonori-

20 989 106 1066 lcum
129 1020 156 1064 o
181 993 292 1062 tineat.
331 991 377 1060 lta
401 1015 441 1060 ue
463 993 649 1060 memoriam
673 989 811 1060 hominis
833 985 927 1060 altius
947 1011 982 1060 re
1023 1012 1070 1064 ta-

20 1111 87 1160 nus.
131 1083 350 1162 Carmeliticae
366 1013 512 1178 seligioni
531 1083 701 1160 Luddalori
719 1080 899 1158 adolescens
912 1015 1070 1161 incubuit.

20 1187 109 1267 bunis
131 1205 215 1255 vero
237 1179 334 1278 paulo
354 1179 585 1268 maturioribus,
608 1203 713 1254 totum
736 1179 777 1252 ad
800 1177 905 1252 literas
926 1178 1069 1256 'animum

20 1299 219 1363 :unvertens,
232 1278 394 1350 Oxouium
405 1272 436 1346 se
448 1275 602 1363 contulit;
623 1272 744 1373 ibique,
757 1273 923 1371 Aristotele
934 1278 1070 1348 minime

20 1374 99 1447 nalo
123 1392 320 1472 praeceptore
340 1370 534 1472 aliquamdiu
554 1368 642 1458 usus,
654 1452 656 1458 ,
668 1373 709 1444 ad
730 1368 923 1444 sacrosancta
944 1369 1071 1445 theolo-

20 1473 67 1566 giae
87 1467 216 1555 studia,
239 1488 391 1564 tanquam
412 1465 452 1539 ad
469 1491 638 1564 perennem
655 1465 768 1540 divinae
784 1463 920 1540 scientia
933 1463 1072 1552 fontem,

20 1561 219 1664 properabat.
254 1560 441 1637 Rettiffime
463 1563 593 1660 quidem
614 1561 709 1648 illud,
739 1571 775 1638 δε
797 1561 1071 1660 quemadmodum

20 1658 198 1754 religiosum
213 1657 323 1731 decuit
337 1662 451 1731 uirum.
487 1659 549 1731 Sed
563 1661 618 1756 qui
633 1657 752 1730 fructus
767 1657 932 1730 honestum
947 1656 1071 1730 secutus

20 1753 55 1825 cll
65 1755 241 1828 laborem?
259 1755 354 1827 Certe
367 1781 432 1826 non
444 1757 550 1849 potuit
558 1781 623 1826 non
637 1754 738 1827 bonus
750 1752 846 1850 sequi.
866 1755 1073 1828 Pervenitet·

52 1850 99 1930 'fm
112 1877 158 1924 eo
168 1876 234 1948 quo
245 1849 363 1920 voluit:
384 1849 473 1920 idest
484 1850 525 1920 ad
536 1851 720 1941 genuinam,
735 1849 886 1922 finceram
899 1875 937 1921 ac
947 1845 1071 1922 redlam

20 1871 210 2040 lslngelicae
224 1943 374 2016 domina
389 1943 621 2035 cognitionem.
656 1945 785 2016 Deinde
798 1969 911 2016 omnes
925 1947 999 2014 vitat
1012 1939 1074 2015 suae
1096 1989 1099 1998 =

20 2039 101 2114 allus
129 2045 178 2111 lta
202 2041 414 2134 temperavit,
443 2057 479 2108 ut
503 2042 641 2136 acceptis
665 2039 783 2132 Chrfii
803 2041 965 2134 praeceptis
990 2037 1073 2112 belle
1157 2067 1159 2077 ·

20 2133 208 2234 'respondere
237 2133 427 2206 viderentur.
472 2137 507 2206 Ο
534 2159 630 2231 quam
657 2133 771 2206 vellem
799 2133 894 2205 nollri
919 2137 1074 2232 temporis

20 2229 188 2323 tlteologos
207 2227 393 2322 Marescalli
409 2253 569 2326 nunquam
585 2227 657 2302 satis
673 2229 833 2302 laudaram
849 2231 966 2300 imitari
980 2229 1074 2302 indu-

20 2321 145 2406 llriam!
180 2327 272 2398 Nam
296 2321 352 2395 nifi
368 2323 525 2414 '‘adulatio,
547 2329 689 2414 avaritia,
713 2325 865 2410 ambitio,
888 2334 925 2399 ὃ(
943 2325 1075 2426 pellices

20 2415 76 2496 lllae
97 2422 308 2519 impudicitia:
331 2419 454 2505 sirenes,
479 2421 589 2517 procul
604 2420 705 2493 absint
720 2422 761 2492 ab
776 2424 888 2492 animis
904 2419 1074 2513 theologo·

20 2533 107 2601 rum,
133 2515 226 2587 nullis
245 2513 471 2598 concionibus,
495 2521 696 2610 quantumvis
712 2513 868 2599 facundis,
892 2514 1075 2602 elaboratis,
1156 2577 1158 2596 ‚

20 2607 122 2682 doctis
133 2607 218 2710 plebi
229 2633 339 2708 puram
354 2605 545 2704 sequendam
558 2612 656 2680 vitam
669 2605 905 2704 persuadebant.
930 2607 993 2682 Sed
1004 2607 1074 2680 haec
1109 2636 1112 2639 ·

21 2706 130 2779 Lerna
154 2707 330 2776 incautam
354 2706 495 2802 capitum
517 2707 659 2776 excreuit
680 2703 936 2790 multitudinem,
960 2724 996 2775 ut
1016 2701 1077 2776 nili

20 2801 110 2890 Deus
137 2805 275 2898 optimus
296 2803 453 2872 maximus
473 2798 649 2871 insulanum
670 2799 830 2897 quendam
852 2797 1032 2874 Herculem
1055 2802 1076 2870 d
1171 2844 1180 2861 ·

20 2896 105 2969 *cralo
124 2893 304 2982 demisisset,
325 2900 391 2994 jam
407 2894 497 2992 supra
513 2897 665 2966 humanas
679 2898 760 2967 vires
775 2897 886 2987 ingens
901 2892 1006 2970 bellua
1021 2917 1077 2967 ca-

21 2993 84 3084 pita
97 2993 163 3063 alte
174 2993 342 3066 extulisset.
361 2989 645 3087 Mar‘ejcallur3qui
658 2988 737 3060 olim
749 2985 929 3084 hujusmodi
941 2987 1075 3062 bestiam

21 3082 130 3158 tutuo
149 3090 303 3158 acerrime
324 3085 482 3158 insecutus
500 3087 547 3158 est
567 3085 688 3180 gladio,
710 3083 734 3156 fi
755 3109 840 3158 nunc
856 3086 990 3171 viveret,
1009 3081 1076 3158 stne

20 3181 179 3273 Hercule,
193 3183 226 3250 in
250 3180 345 3253 locius
359 3183 495 3254 omnino
510 3181 698 3256 machmam
714 3180 900 3280 deponeret«
929 3183 1013 3258 Non
1028 3199 1077 3252 ta-

22 3283 97 3348 men
109 3274 212 3350 desuit
222 3207 270 3347 illi
279 3273 350 3346 suus
361 3277 532 3367 Hercules,
549 3275 604 3351 sed
613 3279 734 3351 rimatis
745 3277 843 3371 longe
855 3274 1026 3350 inferioris.
1140 3345 1142 3352 Α

20 3425 21 3432 1
62 3378 112 3444 'At
127 3371 251 3442 missam
263 3370 418 3444 satiemus
434 3373 592 3458 Lernam,
616 3381 653 3446 δε
668 3369 883 3467 significemus
903 3368 1077 3467 Maresctts-
1144 3391 1146 3400 ’

20 3461 87 3556 lam
107 3464 199 3539 fuine
219 3469 364 3542 Henrict
386 3489 513 3565 quarto,
536 3469 713 3568 Auginum
734 3472 822 3563 regi,
845 3491 919 3542 cum
937 3487 1074 3566 ,propter

20 3563 87 3656 rjus
101 3563 316 3636 eruditionem
331 3589 398 3634 non
414 3561 588 3657 vulgarem,
603 3587 671 3635 tum
687 3566 785 3635 mam
802 3565 899 3636 vitam
915 3561 1077 3656 infigniter

20 3659 153 3746 tcastaut,
177 3657 535 3731 commendatissimum.
570 3663 683 3754 thue
705 3682 769 3753 ego
787 3661 821 3728 in
837 3658 898 3732 hac
916 3680 1007 3756 parte
1027 3679 1075 3728 ta·
1185 3677 1188 3686 ‘

20 3755 125 3842 team,
148 3750 220 3846 sartir
241 3754 381 3853 loquitur
400 3753 622 3828 benevolentia
640 3757 810 3850 principis;
838 3757 895 3852 qui
911 3753 1000 3826 illum
1015 3750 1077 3822 suar

27 3850 188 3922 auriculari
202 3849 393 3924 emfeffionr
406 3849 516 3924 adesse
528 3849 647 3936 voluit3
696 3852 727 3920 ui
739 3849 873 3922 illumin
884 3851 1008 3940 magnis
1020 3873 1079 3920 ne⁴

26 3947 119 4032 gotiis
135 3946 177 4018 ad
192 3969 318 4021 exteros
336 3971 424 4040 reges
443 3969 603 4018 oratorem
619 3873 723 4030 mism
749 3943 804 4042 qui
826 3943 964 4042 denique
985 3942 1077 4017 illum

26 4039 437 4142 ldenfforthillairgesttum
451 4039 637 4142 episcopum
654 4037 838 4135 designavit.
971 4135 1012 4206 N

592 4166 595 4170 ’
792 4168 798 4179 ·
1014 4153 1076 4206 unc
