2650 4510
167 151 241 264 'Dr
263 165 596 290 Sontrrrotr'uii's
617 159 962 256 uarrrumc'r'e
1033 183 1110 281 '439

64 338 150 403 nere,
170 303 430 418 in'ipdsAngliae
443 305 612 410 visceribut
625 305 845 394 excrescente,
868 305 986 380 bellurn
1007 307 1113 404 gessir,

21 437 23 446 ²
64 413 257 512 tandemque
274 405 439 484 ridoriam
458 402 641 504 reportavit.
665 403 719 478 sed
736 429 802 476 non
815 406 899 504 prius
913 415 1010 500 quam
1025 407 1114 504 prin·

64 509 171 606 cipem
188 503 301 606 ipsum,
323 507 420 603 idque
440 501 572 602 publice
589 503 623 571 in
642 499 806 596 suggestu,
827 498 980 573 socordiae
994 500 1030 570 in
1044 518 1113 596 tam

64 601 241 704 periculoso
255 601 343 674 malo
357 594 579 682 admonuisset.
616 595 704 669 Volo
719 596 786 683 hic,
802 596 938 670 candide
951 577 1064 678 ledor,
1077 613 1115 668 ut

63 717 170 772 tecum
185 701 301 772 iterum
320 717 416 794 atque
434 699 549 768 iterum
568 717 731 790 nunquam
749 688 822 762 satis
837 691 998 764 laudatam
1015 691 1117 768 Hen-

56 793 125 888 ,rr'ci
137 796 217 890 regis
231 792 419 890 modestiam
432 789 605 890 expendas.
630 788 722 861 lldeo
733 805 819 859 certe
830 783 961 857 liberam
974 811 1013 859 ac
1025 809 1116 886 aper·

59 893 128 960 ¹tam
144 887 381 961 concionatoris
396 885 656 960 admonitionem
665 907 747 977 agre
762 905 828 952 non
843 879 927 966 tulit,
950 900 985 958 ut
1001 879 1116 959 abillo

63 975 161 1078 'gratia
171 981 225 1056 sua
237 981 453 1078 dignissimum
464 981 598 1053 duxerit.
623 982 723 1052 Tanti
737 1002 785 1050 res
800 976 845 1048 est
860 978 1016 1048 momenti
1030 979 1118 1078 prin-¹

55 1080 163 1175 ·eipes,
176 1081 211 1150 in
225 1075 312 1165 loco,
325 1079 420 1150 errati
435 1101 508 1149 cum
521 1077 643 1172 judicio
658 1074 851 1148 admonete.'

109 1181 187 1248 Erat
208 1177 244 1252 id
266 1180 419 1276 temporis
440 1177 622 1280 Stephanus
643 1175 905 1258 Paterendunus,
929 1172 1116 1272 cermeria,

61 1275 95 1344 in
110 1277 255 1345 maximo
269 1275 355 1373 apud
370 1299 479 1370 regem
495 1277 618 1372 pretio:
643 1276 669 1342 is
689 1271 836 1344 omnibus
848 1271 960 1366 ,modis
982 1273 1116 1366 curavit,

52 1389 98 1440 ‘ut
124 1367 292 1446 Vadideni
316 1365 402 1444 fama
427 1394 483 1470 per
505 1374 625 1464 regiam
649 1393 746 1464 quam
767 1363 1053 1454 clarillirlra‘esset3
1077 1372 1117 1440 δὲ

53 1463 206 1560 tandem,
229 1465 317 1564 quod
340 1465 462 1553 voluit,
483 1467 604 1540 effecit.
647 1469 805 1563 Accepms
826 1461 871 1536 est
894 1463 958 1534 hoc
980 1461 1118 1562 padtod

61 1581 139 1656 rege
153 1562 186 1631 in
203 1560 332 1634 concilii
347 1583 482 1658 partem,
501 1560 564 1635 five
580 1563 621 1635 de
635 1585 670 1633 re
707 1561 823 1646 ublica,
843 1557 897 1634 seu
909 1560 950 1632 de
961 1556 1120 1652 religione

60 1655 197 1752 quaestio
216 1655 303 1730 effer.
344 1653 496 1754 Solusque
516 1661 536 1728 l
553 1678 622 1730 rota
638 1587 806 1729 nolilirare
820 1652 908 1754 pugil
921 1649 1120 1754 elerstusest,

61 1754 119 1844 qui
135 1747 325 1826 fulminante
340 1753 448 1838 eladio
463 1753 653 1848 evangelicae
665 1753 815 1826 dodrinae
826 1743 969 1849 perfidas¹
980 1745 1118 1844 Vigoclr'·

61 1847 137 1920 vien
150 1869 233 1942 rum,
256 1829 525 1944 Huffitanorum‚
546 1858 582 1923 &
594 1847 807 1945 Pragrnfium
821 1869 939 1921 turmas
954 1843 1117 1932 multaret,

61 1965 234 2038 premeret,
258 1963 441 2040 protereret.
969 1951 991 1978 ··'

111 2039 331 2110 Commodum
357 2036 504 2135 profesio
526 2039 562 2112 irl
582 2036 715 2126 farrum,
739 2065 812 2111 nam
835 2037 1117 2204 tum'Conplantiae

61 2131 220 2204 inditium
238 2156 310 2206 ¹erat
330 2132 517 2222 concilium,
540 2143 577 2214 &
591 2159 646 2207 rex
662 2135 786 2210 necesse
801 2132 940 2207 habebat
953 2133 975 2206 il
989 2155 1029 2206 uc
1043 2133 1120 2201 mir·

61 2246 131 2300 rere
145 2226 296 2324 insignem
312 2229 450 2326 aliquem
467 2234 585 2330 pietate
599 2235 712 2318 virum,
735 2235 790 2326 qui
806 2225 980 2303 multordm
994 2229 1120 2301 animoa

15 2387 16 2392 ,
61 2323 306 2418 difflsregeret‚
328 2331 365 2398 &
387 2327 515 2422 pedrosa
538 2326 701 2400 mulceret.
742 2331 864 2402 Orator
877 2331 973 2420 igitur
985 2346 1053 2398 ram
1066 2345 1119 2394 ar·

62 2417 131 2488 duo
149 2423 284 2514 negotio
305 2415 480 2512 defignatus
502 2423 546 2496 est
568 2425 588 2494 i
608 2449 681 2518 rege
704 2423 905 2499 medenas
932 2417 1118 2519 (unacum

54 2509 188 2607 Joannr
206 2513 329 2604 Clynto,
353 2540 418 2586 non
434 2522 521 2613 parvi
537 2521 676 2590 nominis
690 2517 859 2612 theologo,
881 2540 914 2590 ar
938 2543 978 2589 ue
998 2513 1120 2590 Guliel-

14 2699 15 2706 ἵ
61 2630 118 2680 mo
134 2611 277 2686 Sturmio
288 2619 323 2684 &
335 2610 500 2706 Hartongo
511 2610 607 2695 Clux,
620 2610 792 2707 equitibus,
805 2617 862 2708 qui
876 2543 990 2683 eadem
1005 2607 1120 2702 funge-

14 2731 16 2738 ’
61 2701 180 2776 bantur
191 2703 368 2802 legatione)
386 2711 490 2804 &per
501 2706 606 2779 literas
618 2704 749 2803 concilii
782 2705 1119 2779 roceribuscornmen-

14 2825 16 2870 r
61 2799 168 2872 datus.
207 2803 356 2895 Longum
368 2801 422 2872 hic
434 2799 512 2874 esser
521 2800 681 2874 recensere
693 2731 781 2899 quid
780 2799 835 2874 ille
845 2806 879 2874 in
892 2800 1032 2875 concilio
1043 2825 1121 2894 egc-

61 2894 120 2980 rit,
142 2919 239 2992 quam
255 2898 354 2972 multa
369 2894 444 2970 cu'm
459 2895 602 2994 copiose,'
623 2919 691 2968 tum
707 2902 843 2992 graviter
857 2898 898 2972 de
912 2896 1006 2972 rebus
1019 2895 1061 2969 ad
1076 2893 1118 2966 fi·
1139 2916 1142 2922 ·

61 2987 140 3062 dem
156 2994 383 3089 pertinentibus
398 2992 584 3068 disseruerit.
617 2998 659 3064 At
674 2991 696 3072 li
712 3017 809 3087 quem
822 2996 911 3088 juvat
924 2987 978 3065 illa
995 3015 1118 3086 cogno-

60 3079 164 3172 scere,
185 3087 353 3160 clarillima
367 3093 400 3160 in
415 3092 481 3188 ejus
493 3086 580 3165 libris
593 3092 703 3164 omnia
717 3091 873 3162 inveniet.

14 3285 15 3288 Ἴ
114 3187 179 3257 Hic
194 3185 285 3258 locus
300 3187 391 3262 valde
406 3211 604 3289 oppormnus
618 3189 649 3263 se
664 3190 744 3263 mihi
759 3189 874 3277 offert,
897 3209 933 3264 ur
947 3187 1053 3291 palam
1069 3187 1119 3262 sa*

61 3282 168 3368 ciam,
176 3307 257 3378 quos
270 3287 427 3381 principes
442 3289 567 3359 circiter
581 3309 725 3385 tempora
741 3287 870 3360 concilii
881 3313 923 3360 ex
1000 3283 1118 3382 scripto

61 3375 220 3484 Hetrrici,
244 3379 310 3473 ejus
321 3379 545 3550 lienam
558 3388 674 3479 quinti,
692 3382 835 3458 adiverit.
871 3311 1039 3460 Usum
1054 3383 1117 3456 Po-

61 3470 156 3546 lomae
177 3497 298 3564 regern,
365 3477 546 3557 exaudium
564 3480 730 3556 Lituaviae
750 3481 886 3566 ducem,
910 3487 947 3554 &
970 3479 1118 3554 archas-

60 3565 130 3644 Iem
144 3563 282 3663 Prufflae
295 3569 539 3663 gubernatorem
552 3575 593 3647 ad
609 3573 770 3671 publicum
786 3579 873 3672 pacis
885 3573 1019 3661 bonum,
1033 3594 1069 3646 ut
1080 3574 1119 3644 in

62 3665 225 3739 mandaris
244 3687 431 3766 acceperat,
451 3667 572 3740 strenue
587 3672 770 3742 exhortatus
784 3671 839 3743 est.
874 3673 958 3744 Non
971 3667 1034 3742 fuit
1048 3669 1119 3764 ejus

62 3757 154 3857 'apud
175 3779 280 3832 tantos
302 3767 388 3834 viros
408 3761 487 3835 levis
510 3767 676 3836 autoritas:
703 3789 790 3853 nam,
810 3787 1017 3864 preterquam
1028 3761 1119 3862 quod

61 3851 249 3954 persuaserit
263 3854 324 3929 illis
338 3881 451 3958 pacem
466 3857 529 3932 elle
545 3883 648 3931 rerum
662 3865 808 3932 omnium
824 3866 994 3960 optimam,
1014 3861 1120 3956 impe-

62 3953 297 4041 meritoriam,
320 3977 356 4028 ut
372 3953 570 4030 Carmelitici
586 3958 725 4027 nominis
738 3957 841 4030 honos
855 3961 889 4029 in
904 3977 970 4028 tam
985 3956 1120 4028 remotis

63 4047 86 4114 ὲ
104 4039 160 4116 suo
173 4045 251 4122 orbe
264 4049 448 4144 regionibus
461 4053 495 4123 in
511 4055 615 4150 pretio
628 4050 716 4126 effer.
741 4055 844 4128 'Nam
859 4072 933 4128 ante
946 4047 1118 4224 {residem

942 4175 962 4222 a
984 4165 1116 4223 ventum

1301 2755 1308 2805 l
